@MISC{lan,
Author = {Lanier, Jaron},
Title = {The First Church of Robotics},
url = {http://www.nytimes.com/2010/08/09/opinion/09lanier.html?\_r=0},
urldate = {06/08/2015},
Year = {2010},
}